@article{cook1997manual,
  title={Manual controls for high-dimensional data projections},
  author={Cook, Dianne and Buja, Andreas},
  journal={Journal of computational and Graphical Statistics},
  volume={6},
  number={4},
  pages={464--480},
  year={1997},
  publisher={Taylor \& Francis}
}

@article{friedman1974projection,
  title={A projection pursuit algorithm for exploratory data analysis},
  author={Friedman, Jerome H and Tukey, John W},
  journal={IEEE Transactions on computers},
  volume={100},
  number={9},
  pages={881--890},
  year={1974},
  publisher={IEEE}
}

@article{hall1989polynomial,
  title={On polynomial-based projection indices for exploratory projection pursuit},
  author={Hall, Peter and others},
  journal={The Annals of Statistics},
  volume={17},
  number={2},
  pages={589--605},
  year={1989},
  publisher={Institute of Mathematical Statistics}
}


@article{buja2005computational,
  title={Computational methods for high-dimensional rotations in data visualization},
  author={Buja, Andreas and Cook, Dianne and Asimov, Daniel and Hurley, Catherine},
  journal={Handbook of statistics},
  volume={24},
  pages={391--413},
  year={2005},
  publisher={Elsevier}
}
@article{cook1993projection,
  title={Projection pursuit indexes based on orthonormal function expansions},
  author={Cook, D. and Buja, A. and Cabrera, J.},
  journal={Journal of Computational and Graphical Statistics},
  volume={2},
  number={3},
  pages={225--250},
  year={1993},
  publisher={Taylor \& Francis Group}
}

@article{posse1995projection,
  title={Projection pursuit exploratory data analysis},
  author={Posse, Christian},
  journal={Computational Statistics \& data analysis},
  volume={20},
  number={6},
  pages={669--687},
  year={1995},
  publisher={Elsevier}
}

@article{lee2005projection,
  title={Projection pursuit for exploratory supervised classification},
  author={Lee, E. and Cook, D. and Klinke, S. and Lumley, T.},
  journal={Journal of Computational and graphical Statistics},
  volume={14},
  number={4},
  pages={831--846},
  year={2005},
  publisher={Taylor \& Francis}
}

@article{lee2010projection,
  title={A projection pursuit index for large p small n data},
  author={Lee, Eun-Kyung and Cook, Dianne},
  journal={Statistics and Computing},
  volume={20},
  number={3},
  pages={381--392},
  year={2010},
  publisher={Springer}
}

@Article{wickham2011tourrpackage,
    title = {{tourr}: An {R} Package for Exploring Multivariate Data with Projections},
    author = {Wickham, H. and Cook, D. and Hofmann, H. and Buja, A.},
    journal = {Journal of Statistical Software},
    year = {2011},
    volume = {40},
    number = {2},
    pages = {1--18},
    url = {http://www.jstatsoft.org/v40/i02/},
  }
