@article{curry1944method,
  title={The method of steepest descent for non-linear minimization problems},
  author={Curry, Haskell B},
  journal={Quarterly of Applied Mathematics},
  volume={2},
  number={3},
  pages={258--261},
  year={1944}
}

@book{fletcher2013practical,
  title={Practical methods of optimization},
  author={Fletcher, Roger},
  year={2013},
  publisher={John Wiley \& Sons}
}


@article{hooke1961direct,
  title={``Direct Search''Solution of Numerical and Statistical Problems},
  author={Hooke, Robert and Jeeves, Terry A},
  journal={Journal of the ACM (JACM)},
  volume={8},
  number={2},
  pages={212--229},
  year={1961},
  publisher={ACM New York, NY, USA}
}

@article{nelder1965simplex,
  title={A simplex method for function minimization},
  author={Nelder, John A and Mead, Roger},
  journal={The computer journal},
  volume={7},
  number={4},
  pages={308--313},
  year={1965},
  publisher={Oxford University Press}
}


@article{cook1997manual,
  title={Manual controls for high-dimensional data projections},
  author={Cook, Dianne and Buja, Andreas},
  journal={Journal of computational and Graphical Statistics},
  volume={6},
  number={4},
  pages={464--480},
  year={1997},
  publisher={Taylor \& Francis}
}

@article{friedman1974projection,
  title={A projection pursuit algorithm for exploratory data analysis},
  author={Friedman, Jerome H and Tukey, John W},
  journal={IEEE Transactions on computers},
  volume={100},
  number={9},
  pages={881--890},
  year={1974},
  publisher={IEEE}
}

@article{hall1989polynomial,
  title={On polynomial-based projection indices for exploratory projection pursuit},
  author={Hall, Peter and others},
  journal={The Annals of Statistics},
  volume={17},
  number={2},
  pages={589--605},
  year={1989},
  publisher={Institute of Mathematical Statistics}
}


@article{buja2005computational,
  title={Computational methods for high-dimensional rotations in data visualization},
  author={Buja, Andreas and Cook, Dianne and Asimov, Daniel and Hurley, Catherine},
  journal={Handbook of statistics},
  volume={24},
  pages={391--413},
  year={2005},
  publisher={Elsevier}
}
@article{cook1993projection,
  title={Projection pursuit indexes based on orthonormal function expansions},
  author={Cook, D. and Buja, A. and Cabrera, J.},
  journal={Journal of Computational and Graphical Statistics},
  volume={2},
  number={3},
  pages={225--250},
  year={1993},
  publisher={Taylor \& Francis Group}
}

@article{posse1995projection,
  title={Projection pursuit exploratory data analysis},
  author={Posse, Christian},
  journal={Computational Statistics \& data analysis},
  volume={20},
  number={6},
  pages={669--687},
  year={1995},
  publisher={Elsevier}
}

@article{lee2005projection,
  title={Projection pursuit for exploratory supervised classification},
  author={Lee, E. and Cook, D. and Klinke, S. and Lumley, T.},
  journal={Journal of Computational and graphical Statistics},
  volume={14},
  number={4},
  pages={831--846},
  year={2005},
  publisher={Taylor \& Francis}
}

@article{lee2010projection,
  title={A projection pursuit index for large p small n data},
  author={Lee, Eun-Kyung and Cook, Dianne},
  journal={Statistics and Computing},
  volume={20},
  number={3},
  pages={381--392},
  year={2010},
  publisher={Springer}
}

@incollection{cook2008grand,
  title={Grand tours, projection pursuit guided tours, and manual controls},
  author={Cook, Dianne and Buja, Andreas and Lee, Eun-Kyung and Wickham, Hadley},
  booktitle={Handbook of data visualization},
  pages={295--314},
  year={2008},
  publisher={Springer}
}



@Article{wickham2011tourrpackage,
    title = {{tourr}: An {R} Package for Exploring Multivariate Data with Projections},
    author = {Wickham, H. and Cook, D. and Hofmann, H. and Buja, A.},
    journal = {Journal of Statistical Software},
    year = {2011},
    volume = {40},
    number = {2},
    pages = {1--18},
    url = {http://www.jstatsoft.org/v40/i02/},
  }

@article{cook1995grand,
  title={Grand tour and projection pursuit},
  author={Cook, Dianne and Buja, Andreas and Cabrera, Javier and Hurley, Catherine},
  journal={Journal of Computational and Graphical Statistics},
  volume={4},
  number={3},
  pages={155--172},
  year={1995},
  publisher={Taylor \& Francis Group}
}

@article{klein1989experiments,
  title={Experiments in projection and clustering by simulated annealing},
  author={Klein, Raymond W and Dubes, Richard C},
  journal={Pattern Recognition},
  volume={22},
  number={2},
  pages={213--220},
  year={1989},
  publisher={Elsevier}
}

@article{bertsimas1993simulated,
    title={Simulated annealing},
    author={Bertsimas, Dimitris and Tsitsiklis, John and others},
    journal={Statistical science},
    volume={8},
    number={1},
    pages={10--15},
    year={1993},
    publisher={Institute of Mathematical Statistics}
  }


@article{kirkpatrick1983optimization,
    title={Optimization by simulated annealing},
    author={Kirkpatrick, Scott and Gelatt, C Daniel and Vecchi, Mario P},
    journal={science},
    volume={220},
    number={4598},
    pages={671--680},
    year={1983},
    publisher={American association for the advancement of science}
  }

@article{wickham2010layered,
  author = {Hadley Wickham},
  doi = {10.1198/jcgs.2009.07098},
  journal = {Journal of Computational and Graphical Statistics},
  number = {1},
  pages = {3â€“28},
  selected = {TRUE},
  title = {A layered grammar of graphics},
  volume = {19},
  year = {2010},
  bdsk-url-1 = {http://dx.doi.org/10.1198/jcgs.2009.07098},
}

@Book{ggplot2,
    author = {Hadley Wickham},
    title = {ggplot2: Elegant Graphics for Data Analysis},
    publisher = {Springer-Verlag New York},
    year = {2016},
    isbn = {978-3-319-24277-4},
    url = {https://ggplot2.tidyverse.org},
  }


@article{wickham2014tidy,
  title={Tidy data},
  author={Wickham, Hadley and others},
  journal={Journal of Statistical Software},
  volume={59},
  number={10},
  pages={1--23},
  year={2014}
}

@book{wickham2016rfordatascience,
  title={R for data science: import, tidy, transform, visualize, and model data},
  author={Wickham, Hadley and Grolemund, Garrett},
  year={2016},
  publisher={" O'Reilly Media, Inc."}
}
