@article{curry1944method,
  title={The method of steepest descent for non-linear minimization problems},
  author={Curry, Haskell B},
  journal={Quarterly of Applied Mathematics},
  volume={2},
  number={3},
  pages={258--261},
  year={1944}
}

@book{fletcher2013practical,
  title={Practical methods of optimization},
  author={Fletcher, Roger},
  year={2013},
  publisher={John Wiley \& Sons}
}

@book{trefethen1997numerical,
  title={Numerical linear algebra},
  author={Trefethen, Lloyd N and Bau III, David},
  volume={50},
  year={1997},
  publisher={Siam}
}

@article{hooke1961direct,
  title={``Direct Search''Solution of Numerical and Statistical Problems},
  author={Hooke, Robert and Jeeves, Terry A},
  journal={Journal of the ACM (JACM)},
  volume={8},
  number={2},
  pages={212--229},
  year={1961},
  publisher={ACM New York, NY, USA}
}

@article{nelder1965simplex,
  title={A simplex method for function minimization},
  author={Nelder, John A and Mead, Roger},
  journal={The Computer Journal},
  volume={7},
  number={4},
  pages={308--313},
  year={1965},
  publisher={Oxford University Press}
}

@article{cook1997manual,
  title={Manual controls for high-dimensional data projections},
  author={Cook, Dianne and Buja, Andreas},
  journal={Journal of Computational and Graphical Statistics},
  volume={6},
  number={4},
  pages={464--480},
  year={1997},
  publisher={Taylor \& Francis}
}

@article{friedman1974projection,
  title={A projection pursuit algorithm for exploratory data analysis},
  author={Friedman, Jerome H and Tukey, John W},
  journal={IEEE Transactions on Computers},
  volume={100},
  number={9},
  pages={881--890},
  year={1974},
  publisher={IEEE}
}

@article{hall1989polynomial,
  title={On polynomial-based projection indices for exploratory projection pursuit},
  author={Hall, Peter and others},
  journal={The Annals of Statistics},
  volume={17},
  number={2},
  pages={589--605},
  year={1989},
  publisher={Institute of Mathematical Statistics}
}

@article{buja2005computational,
  title={Computational methods for high-dimensional rotations in data visualization},
  author={Buja, Andreas and Cook, Dianne and Asimov, Daniel and Hurley, Catherine},
  journal={Handbook of Statistics},
  volume={24},
  pages={391--413},
  year={2005},
  publisher={Elsevier}
}

@article{cook1993projection,
  title={Projection pursuit indexes based on orthonormal function expansions},
  author={Cook, D. and Buja, A. and Cabrera, J.},
  journal={Journal of Computational and Graphical Statistics},
  volume={2},
  number={3},
  pages={225--250},
  year={1993},
  publisher={Taylor \& Francis Group}
}

@article{posse1995projection,
  title={Projection pursuit exploratory data analysis},
  author={Posse, Christian},
  journal={Computational Statistics \& Data Analysis},
  volume={20},
  number={6},
  pages={669--687},
  year={1995},
  publisher={Elsevier}
}

@article{lee2005projection,
  title={Projection pursuit for exploratory supervised classification},
  author={Lee, E. and Cook, D. and Klinke, S. and Lumley, T.},
  journal={Journal of Computational and Graphical Statistics},
  volume={14},
  number={4},
  pages={831--846},
  year={2005},
  publisher={Taylor \& Francis}
}

@article{lee2010projection,
  title={A projection pursuit index for large p small n data},
  author={Lee, Eun-Kyung and Cook, Dianne},
  journal={Statistics and Computing},
  volume={20},
  number={3},
  pages={381--392},
  year={2010},
  publisher={Springer}
}

@incollection{cook2008grand,
  title={Grand tours, projection pursuit guided tours, and manual controls},
  author={Cook, Dianne and Buja, Andreas and Lee, Eun-Kyung and Wickham, Hadley},
  booktitle={Handbook of Data Visualization},
  pages={295--314},
  year={2008},
  publisher={Springer}
}

@article{wickham2011tourrpackage,
  title = {{tourr}: An {R} Package for Exploring Multivariate Data with Projections},
  author = {Wickham, H. and Cook, D. and Hofmann, H. and Buja, A.},
  journal = {Journal of Statistical Software},
  year = {2011},
  volume = {40},
  number = {2},
  pages = {1--18},
  url = {http://www.jstatsoft.org/v40/i02/},
}

@article{cook1995grand,
  title={Grand tour and projection pursuit},
  author={Cook, Dianne and Buja, Andreas and Cabrera, Javier and Hurley, Catherine},
  journal={Journal of Computational and Graphical Statistics},
  volume={4},
  number={3},
  pages={155--172},
  year={1995},
  publisher={Taylor \& Francis Group}
}

@article{klein1989experiments,
  title={Experiments in projection and clustering by simulated annealing},
  author={Klein, Raymond W and Dubes, Richard C},
  journal={Pattern Recognition},
  volume={22},
  number={2},
  pages={213--220},
  year={1989},
  publisher={Elsevier}
}

@article{bertsimas1993simulated,
  title={Simulated annealing},
  author={Bertsimas, Dimitris and Tsitsiklis, John and others},
  journal={Statistical Science},
  volume={8},
  number={1},
  pages={10--15},
  year={1993},
  publisher={Institute of Mathematical Statistics}
}

@article{kirkpatrick1983optimization,
  title={Optimization by simulated annealing},
  author={Kirkpatrick, Scott and Gelatt, C Daniel and Vecchi, Mario P},
  journal={Science},
  volume={220},
  number={4598},
  pages={671--680},
  year={1983},
  publisher={American association for the advancement of science}
}

@article{wickham2010layered,
  author = {Hadley Wickham},
  doi = {10.1198/jcgs.2009.07098},
  journal = {Journal of Computational and Graphical Statistics},
  number = {1},
  pages = {3â€“28},
  selected = {TRUE},
  title = {A layered grammar of graphics},
  volume = {19},
  year = {2010},
  bdsk-url-1 = {http://dx.doi.org/10.1198/jcgs.2009.07098},
}

@book{ggplot2,
  author = {Hadley Wickham},
  title = {ggplot2: Elegant Graphics for Data Analysis},
  publisher = {Springer-Verlag New York},
  year = {2016},
  isbn = {978-3-319-24277-4},
  url = {https://ggplot2.tidyverse.org},
}

@article{wickham2014tidy,
  title={Tidy data},
  author={Wickham, Hadley and others},
  journal={Journal of Statistical Software},
  volume={59},
  number={10},
  pages={1--23},
  year={2014}
}

@book{wickham2016rfordatascience,
  title={R for data science: import, tidy, transform, visualize, and model data},
  author={Wickham, Hadley and Grolemund, Garrett},
  year={2016},
  publisher={" O'Reilly Media, Inc."}
}

@article{laa2020slice,
  title={A slice tour for finding hollowness in high-dimensional data},
  author={Laa, Ursula and Cook, Dianne and Valencia, German},
  journal={Journal of Computational and Graphical Statistics},
  number={just-accepted},
  pages={1--10},
  year={2020},
  publisher={Taylor \& Francis}
}

@article{laa2020using,
  title={Using tours to visually investigate properties of new projection pursuit indexes with application to problems in physics},
  author={Laa, Ursula and Cook, Dianne},
  journal={Computational Statistics},
  pages={1--35},
  year={2020},
  publisher={Springer}
}

@article{As85,
  author = {Asimov, D.},
  journal = {SIAM Journal of Scientific and Statistical Computing},
  number = {1},
  pages = {128--143},
  title = {{T}he {G}rand {T}our: {A} {T}ool for {V}iewing {M}ultidimensional {D}ata},
  volume = {6},
  year = 1985
}

@article{jones1998efficient,
  title={Efficient global optimization of expensive black-box functions},
  author={Jones, Donald R and Schonlau, Matthias and Welch, William J},
  journal={Journal of Global optimization},
  volume={13},
  number={4},
  pages={455--492},
  year={1998},
  publisher={Springer}
}

@book{kelley1999iterative,
  title={Iterative methods for optimization},
  author={Kelley, Carl T},
  year={1999},
  publisher={SIAM}
}

@article{shi2004convergence,
  title={Convergence of line search methods for unconstrained optimization},
  author={Shi, Zhen-Jun},
  journal={Applied Mathematics and Computation},
  volume={157},
  number={2},
  pages={393--405},
  year={2004},
  publisher={Elsevier}
}

@book{fu2015handbook,
  title={Handbook of Simulation Optimization},
  author={Fu, Michael},
  volume={216},
  series={International Series in Operations Research and Management Science},
  year={2015},
  publisher={Springer}
}

@incollection{andradottir2015review,
  title={A review of random search methods},
  author={Andrad{\'o}ttir, Sigr{\'u}n},
  booktitle={Handbook of Simulation Optimization},
  pages={277--292},
  year={2015},
  publisher={Springer}
}

@article{rios2013derivative,
  title={Derivative-free optimization: a review of algorithms and comparison of software implementations},
  author={Rios, Luis Miguel and Sahinidis, Nikolaos V},
  journal={Journal of Global Optimization},
  volume={56},
  number={3},
  pages={1247--1293},
  year={2013},
  publisher={Springer}
}

@book{conn2009introduction,
  title={Introduction to derivative-free optimization},
  author={Conn, Andrew R and Scheinberg, Katya and Vicente, Luis N},
  year={2009},
  publisher={SIAM}
}

@book{tukey1977exploratory,
  title={Exploratory data analysis},
  author={Tukey, John W},
  volume={2},
  year={1977},
  publisher={Reading, MA}
}

@article{box1951experimental,
  title={On the experimental attainment of optimum conditions},
  author={Box, George EP and Wilson, Kenneth B},
  journal={Journal of the royal statistical society: Series b (Methodological)},
  volume={13},
  number={1},
  pages={1--38},
  year={1951},
  publisher={Wiley Online Library}
}

@article{robbins1951stochastic,
  title={A stochastic approximation method},
  author={Robbins, Herbert and Monro, Sutton},
  journal={The annals of mathematical statistics},
  pages={400--407},
  year={1951},
  publisher={JSTOR}
}

@article{sorensen2013metaheuristics,
  title={Metaheuristics},
  author={S{\"o}rensen, Kenneth and Glover, Fred},
  journal={Encyclopedia of operations research and management science},
  volume={62},
  pages={960--970},
  year={2013},
  publisher={Springer New York}
}

@InCollection{knitr,
    booktitle = {Implementing Reproducible Computational Research},
    editor = {Victoria Stodden and Friedrich Leisch and Roger D. Peng},
    title = {knitr: A Comprehensive Tool for Reproducible Research in {R}},
    author = {Yihui Xie},
    publisher = {Chapman and Hall/CRC},
    year = {2014},
    note = {ISBN 978-1466561595},
    url = {http://www.crcpress.com/product/isbn/9781466561595},
  }

@Book{rmarkdown,
    title = {R Markdown Cookbook},
    author = {Yihui Xie and Christophe Dervieux and Emily Riederer},
    publisher = {Chapman and Hall/CRC},
    address = {Boca Raton, Florida},
    year = {2020},
    note = {ISBN 9780367563837},
    url = {https://bookdown.org/yihui/rmarkdown-cookbook},
  }  

 @Article{tourr,
    title = {A slice tour for finding hollowness in high-dimensional data},
    author = {Ursula Laa and Dianne Cook and German Valencia},
    journal = {Journal of Computational and Graphical Statistics},
    year = {2020},
    volume = {29},
    number = {3},
    pages = {681--687},
    url = {https://doi.org/10.1080/10618600.2020.1777140},
  }
 
 @Manual{geozoo,
    title = {geozoo: Zoo of Geometric Objects},
    author = {Barret Schloerke},
    year = {2016},
    note = {R package version 0.5.1},
    url = {https://CRAN.R-project.org/package=geozoo},
  }

  @Manual{dplyr,
    title = {dplyr: A Grammar of Data Manipulation},
    author = {Hadley Wickham and Romain FranÃ§ois and Lionel {
             Henry} and Kirill MÃ¼ller},
    year = {2020},
    note = {R package version 1.0.2},
    url = {https://CRAN.R-project.org/package=dplyr},
  }

  @Manual{stats,
    title = {R: A Language and Environment for Statistical Computing},
    author = {{R Core Team}},
    organization = {R Foundation for Statistical Computing},
    address = {Vienna, Austria},
    year = {2020},
    url = {https://www.R-project.org/},
  }
