@Manual{ferrn,
  title = {ferrn: Facilitate Exploration of touRR optimisatioN},
  author = {H. Sherry Zhang and Dianne Cook and Ursula Laa and Nicolas Langren{é} and Patricia Men{é}ndez},
  year = {2021},
  note = {R package version 0.0.1},
  url = {https://github.com/huizezhang-sherry/ferrn/}
}

@book{tukey1977exploratory,
  title={Exploratory data analysis},
  author={Tukey, John W},
  volume={2},
  year={1977},
  publisher={Reading, MA}
}

@book{unwin2015graphical,
  title={Graphical data analysis with R},
  author={Unwin, Antony},
  volume={27},
  year={2015},
  publisher={CRC Press},
  url = {https://doi.org/10.1201/9781315370088},
}

@book{wilke2019fundamentals,
  title={Fundamentals of data visualization: a primer on making informative and compelling figures},
  author={Wilke, Claus O},
  year={2019},
  publisher={O{'}Reilly Media},
  url = {https://clauswilke.com/dataviz/}
}

@book{healy2018data,
  title={Data visualization: a practical introduction},
  author={Healy, Kieran},
  year={2018},
  publisher={Princeton University Press},
  url = {https://socviz.co/}
}

@article{li2020visualizing,
  author = {Li, Mingwei and Zhao, Zhenge and Scheidegger, Carlos},
  title = {Visualizing Neural Networks with the Grand Tour},
  journal = {Distill},
  year = {2020},
  url={https://doi.org/10.23915/distill.00025}
}

@article{buja2005computational,
  title={Computational methods for high-dimensional rotations in data visualization},
  author={Buja, Andreas and Cook, Dianne and Asimov, Daniel and Hurley, Catherine},
  journal={Handbook of Statistics},
  volume={24},
  pages={391--413},
  year={2005},
  publisher={Elsevier},
  url = {https://doi.org/10.1016/S0169-7161(04)24014-7}
}

@incollection{cook2008grand,
  title={Grand tours, projection pursuit guided tours, and manual controls},
  author={Cook, Dianne and Buja, Andreas and Lee, Eun-Kyung and Wickham, Hadley},
  booktitle={Handbook of Data Visualization},
  pages={295--314},
  year={2008},
  publisher={Springer},
  url = {https://doi.org/10.1007/978-3-540-33037-0_13}
}

@article{jones1998efficient,
  title={Efficient global optimization of expensive black-box functions},
  author={Jones, Donald R and Schonlau, Matthias and Welch, William J},
  journal={Journal of Global optimization},
  volume={13},
  number={4},
  pages={455--492},
  year={1998},
  publisher={Springer},
  url={https://doi.org/10.1023/A:1008306431147}
}


@book{bertsekas2014constrained,
  title={Constrained optimization and Lagrange multiplier methods},
  author={Bertsekas, Dimitri P},
  year={2014},
  publisher={Academic press},
  url = {https://doi.org/10.1016/C2013-0-10366-2}
}

@article{rios2013derivative,
  title={Derivative-free optimization: a review of algorithms and comparison of software implementations},
  author={Rios, Luis Miguel and Sahinidis, Nikolaos V},
  journal={Journal of Global Optimization},
  volume={56},
  number={3},
  pages={1247--1293},
  year={2013},
  publisher={Springer},
  url={https://doi.org/10.1007/s10898-012-9951-y}
}

@book{conn2009introduction,
  title={Introduction to derivative-free optimization},
  author={Conn, Andrew R and Scheinberg, Katya and Vicente, Luis N},
  year={2009},
  publisher={SIAM},
  url={https://doi.org/10.1137/1.9780898718768}
}

@book{zabinsky2013stochastic,
  title={Stochastic adaptive search for global optimization},
  author={Zabinsky, Zelda B},
  volume={72},
  year={2013},
  publisher={Springer Science \& Business Media},
  url = {https://doi.org/10.1007/978-1-4419-9182-9}
}

@Inbook{Romeijn2009,
  author="Romeijn, H. Edwin",
  title="Random search methods",
  bookTitle="Encyclopedia of Optimization",
  year="2009",
  publisher="Springer US",
  address="Boston, MA",
  pages="3245--3251",
  url={https://doi.org/10.1007/978-0-387-74759-0_556}
}

@incollection{andradottir2015review,
  title={A review of random search methods},
  author={Andrad{\'o}ttir, Sigr{\'u}n},
  booktitle={Handbook of Simulation Optimization},
  pages={277--292},
  year={2015},
  publisher={Springer},
  url = {https://doi.org/10.1007/978-1-4939-1384-8}
}

@ARTICLE{Brooks1958-zk,
  title     = "A Discussion of Random Methods for Seeking Maxima",
  author    = "Brooks, Samuel H",
  journal   = "Oper. Res.",
  publisher = "INFORMS",
  volume    =  6,
  number    =  2,
  pages     = "244--251",
  year      =  1958,
  url       = "https://doi.org/10.1287/opre.6.2.244"
}

@book{spall2005introduction,
  title={Introduction to stochastic search and optimization: estimation, simulation, and control},
  author={Spall, James C},
  volume={65},
  year={2005},
  publisher={John Wiley \& Sons},
  url = {https://www.jhuapl.edu/ISSO/}
}

@ARTICLE{White1971-ci,
  title     = "A survey of random methods for parameter optimization",
  author    = "White, R C",
  journal   = "Simulation",
  publisher = "SAGE Publications Ltd STM",
  volume    =  17,
  number    =  5,
  pages     = "197--205",
  month     =  nov,
  year      =  1971,
  url       = "https://doi.org/10.1177/003754977101700504"
}


@article{kirkpatrick1983optimization,
  title={Optimization by simulated annealing},
  author={Kirkpatrick, Scott and Gelatt, C Daniel and Vecchi, Mario P},
  journal={Science},
  volume={220},
  number={4598},
  pages={671--680},
  year={1983},
  publisher={American association for the advancement of science},
  url = {https://doi.org/10.1126/science.220.4598.671}
}

@article{bertsimas1993simulated,
  title={Simulated annealing},
  author={Bertsimas, Dimitris and Tsitsiklis, John and others},
  journal={Statistical Science},
  volume={8},
  number={1},
  pages={10--15},
  year={1993},
  publisher={Institute of Mathematical Statistics},
  url = {https://doi.org/10.1214/ss/1177011077}
}


@article{mitra1986convergence,
  title={Convergence and finite-time behavior of simulated annealing},
  author={Mitra, Debasis and Romeo, Fabio and Sangiovanni-Vincentelli, Alberto},
  journal={Advances in Applied Probability},
  volume={18},
  number={3},
  pages={747--771},
  year={1986},
  publisher={Cambridge University Press},
  url = {https://doi.org/10.1109/CDC.1985.268600}
}


@article{granville1994simulated,
  title={Simulated annealing: A proof of convergence},
  author={Granville, Vincent and Kriv{\'a}nek, Mirko and Rasson, J-P},
  journal={IEEE Transactions on Pattern Analysis and Machine Intelligence},
  volume={16},
  number={6},
  pages={652--656},
  year={1994},
  publisher={IEEE},
  url = {https://doi.org/10.1109/34.295910}
}


@article{friedman1974projection,
  title={A projection pursuit algorithm for exploratory data analysis},
  author={Friedman, Jerome H and Tukey, John W},
  journal={IEEE Transactions on Computers},
  volume={100},
  number={9},
  pages={881--890},
  year={1974},
  publisher={IEEE},
  url = {https://doi.org/10.1109/T-C.1974.224051}
}
@article{cook1995grand,
  title={Grand tour and projection pursuit},
  author={Cook, Dianne and Buja, Andreas and Cabrera, Javier and Hurley, Catherine},
  journal={Journal of Computational and Graphical Statistics},
  volume={4},
  number={3},
  pages={155--172},
  year={1995},
  publisher={Taylor \& Francis Group},
  url = {https://doi.org/10.1080/10618600.1995.10474674}
}

@article{diaconis1984asymptotics,
  title={Asymptotics of graphical projection pursuit},
  author={Diaconis, Persi and Freedman, David},
  journal={The Annals of Statistics},
  pages={793--815},
  year={1984},
  publisher={JSTOR},
  url = {https://doi.org/10.1214/aos/1176346703}
}


@article{hall1989polynomial,
  title={On polynomial-based projection indices for exploratory projection pursuit},
  author={Hall, Peter and others},
  journal={The Annals of Statistics},
  volume={17},
  number={2},
  pages={589--605},
  year={1989},
  publisher={Institute of Mathematical Statistics},
  url = {https://doi.org/10.1214/aos/1176347127}
}

@article{cook1993projection,
  title={Projection pursuit indexes based on orthonormal function expansions},
  author={Cook, D. and Buja, A. and Cabrera, J.},
  journal={Journal of Computational and Graphical Statistics},
  volume={2},
  number={3},
  pages={225--250},
  year={1993},
  publisher={Taylor \& Francis Group}, 
  url = {https://doi.org/10.2307/1390644}
}

@article{posse1995projection,
  title={Projection pursuit exploratory data analysis},
  author={Posse, Christian},
  journal={Computational Statistics \& Data Analysis},
  volume={20},
  number={6},
  pages={669--687},
  year={1995},
  publisher={Elsevier},
  url = {https://doi.org/10.1016/0167-9473(95)00002-8}
}

@article{lee2005projection,
  title={Projection pursuit for exploratory supervised classification},
  author={Lee, E. and Cook, D. and Klinke, S. and Lumley, T.},
  journal={Journal of Computational and Graphical Statistics},
  volume={14},
  number={4},
  pages={831--846},
  year={2005},
  publisher={Taylor \& Francis},
  url = {https://doi.org/10.1198/106186005X77702}
}

@article{lee2010projection,
  title={A projection pursuit index for large p small n data},
  author={Lee, Eun-Kyung and Cook, Dianne},
  journal={Statistics and Computing},
  volume={20},
  number={3},
  pages={381--392},
  year={2010},
  publisher={Springer},
  url = {https://doi.org/10.1007/s11222-009-9131-1}
}

@article{Loperfido2020,
  title     = "Kurtosis-based projection pursuit for outlier detection in
               financial time series",
  author    = "Loperfido, Nicola",
  journal   = "The European Journal of Finance",
  publisher = "Routledge",
  volume    =  26,
  number    = "2-3",
  pages     = "142--164",
  year      =  2020,
  doi       = "https://doi.org/10.1080/1351847X.2019.1647864"
}

@article{Loperfido2018,
  title     = "Skewness-based projection pursuit: A computational approach",
  author    = "Loperfido, Nicola",
  journal   = "Computational Statistics and Data Analysis",
  publisher = "Elsevier",
  volume    =  120,
  number    = "C",
  pages     = "42--57",
  year      =  2018,
  doi       = "https://doi.org/10.1016/j.csda.2017.11.001"
}

@article{laa2020using,
  title={Using tours to visually investigate properties of new projection pursuit indexes with application to problems in physics},
  author={Laa, Ursula and Cook, Dianne},
  journal={Computational Statistics},
  pages={1--35},
  year={2020},
  publisher={Springer},
  url = {https://doi.org/10.1007/s00180-020-00954-8}
}

@article{cook1997manual,
  title={Manual controls for high-dimensional data projections},
  author={Cook, Dianne and Buja, Andreas},
  journal={Journal of Computational and Graphical Statistics},
  volume={6},
  number={4},
  pages={464--480},
  year={1997},
  publisher={Taylor \& Francis},
  url = {https://doi.org/10.2307/1390747}
}

@article{tourr,
  title = {{tourr}: An {R} Package for Exploring Multivariate Data with Projections},
  author = {Wickham, H. and Cook, D. and Hofmann, H. and Buja, A.},
  journal = {Journal of Statistical Software},
  year = {2011},
  volume = {40},
  number = {2},
  pages = {1--18},
  url = {http://doi.org/10.18637/jss.v040.i02},
}

@article{wickham2014tidy,
  title={Tidy data},
  author={Wickham, Hadley and others},
  journal={Journal of Statistical Software},
  volume={59},
  number={10},
  pages={1--23},
  year={2014},
  url = {https://doi.org/10.18637/jss.v059.i10}
}

@Manual{dplyr,
  title = {dplyr: A Grammar of Data Manipulation},
  author = {Hadley Wickham and Romain François and Lionel {
           Henry} and Kirill Müller},
  year = {2020},
  note = {R package version 1.0.2},
  url = {https://CRAN.R-project.org/package=dplyr},
}


@book{ggplot2,
  author = {Hadley Wickham},
  title = {ggplot2: Elegant Graphics for Data Analysis},
  publisher = {Springer-Verlag New York},
  year = {2016},
  url = {https://doi.org/10.1007/978-0-387-98141-3},
}

@Manual{geozoo,
    title = {geozoo: Zoo of Geometric Objects},
    author = {Barret Schloerke},
    year = {2016},
    note = {R package version 0.5.1},
    url = {https://CRAN.R-project.org/package=geozoo},
  }

@Book{knitr,
    title = {Dynamic Documents with {R} and knitr},
    author = {Yihui Xie},
    publisher = {Chapman and Hall/CRC},
    address = {Boca Raton, Florida},
    year = {2015},
    edition = {2nd},
    note = {ISBN 978-1498716963},
    url = {https://yihui.name/knitr/},
  }
  
@Book{rmarkdown,
    title = {R Markdown: The Definitive Guide},
    author = {Yihui Xie and J.J. Allaire and Garrett Grolemund},
    publisher = {Chapman and Hall/CRC},
    address = {Boca Raton, Florida},
    year = {2018},
    note = {ISBN 978-1138359338},
    url = {https://bookdown.org/yihui/rmarkdown},
  }

 
